<?xml version="1.0" encoding="iso-8859-1"?>
<ting:container xmlns:ting="http://www.dbc.dk/ting" xmlns:dc="http://purl.org/dc/elements/1.1/" xmlns="http://www.bs.dk/standards/MarcXchange"><ting:dc><dc:title>Gymnasieskolen medlemsblad for Gymnasieskolernes Lærerforening</dc:title><dc:creator>Gymnasieskolernes Lærerforening</dc:creator><dc:subject>37.3905</dc:subject><dc:subject></dc:subject><dc:publisher>Kbh. GL, Gymnasieskolernes Lærerforening</dc:publisher><dc:date>1916</dc:date><dc:type>Tidsskrift</dc:type><dc:identifier>ISSN: 0017-5927</dc:identifier><dc:language>Dansk</dc:language></ting:dc><collection><record format="danMARC2" type="Bibliographic"><leader>00000nape020000004000000</leader><datafield tag="001" ind1="0" ind2="0"><subfield code="a">03216799</subfield><subfield code="b">870970</subfield><subfield code="c">20010128224732</subfield><subfield code="d">19830121</subfield><subfield code="f">a</subfield><subfield code="o">c</subfield><subfield code="t">FAUST</subfield></datafield><datafield tag="004" ind1="0" ind2="0"><subfield code="r">n</subfield><subfield code="a">e</subfield></datafield><datafield tag="008" ind1="0" ind2="0"><subfield code="t">p</subfield><subfield code="u">c</subfield><subfield code="a">1916</subfield><subfield code="b">dk</subfield><subfield code="c">k</subfield><subfield code="h">p</subfield><subfield code="l">dan</subfield><subfield code="v">0</subfield></datafield><datafield tag="009" ind1="0" ind2="0"><subfield code="a">a</subfield><subfield code="g">xx</subfield></datafield><datafield tag="022" ind1="0" ind2="0"><subfield code="a">0017-5927</subfield><subfield code="c">hf.</subfield></datafield><datafield tag="032" ind1="0" ind2="0"><subfield code="a">DPF197680</subfield><subfield code="a">DPF</subfield></datafield><datafield tag="082" ind1="0" ind2="0"><subfield code="a">331.881 137 309 489</subfield></datafield><datafield tag="222" ind1="0" ind2="0"><subfield code="a">Gymnasieskolen - København</subfield></datafield><datafield tag="245" ind1="0" ind2="0"><subfield code="a">Gymnasieskolen</subfield><subfield code="c">medlemsblad for Gymnasieskolernes Lærerforening</subfield></datafield><datafield tag="255" ind1="0" ind2="0"><subfield code="a">[?]-</subfield></datafield><datafield tag="260" ind1="0" ind2="0"><subfield code="a">Kbh.</subfield><subfield code="b">GL, Gymnasieskolernes Lærerforening</subfield><subfield code="c">[1916]-</subfield></datafield><datafield tag="300" ind1="0" ind2="0"><subfield code="b">Ill.</subfield><subfield code="c">25 cm</subfield></datafield><datafield tag="500" ind1="0" ind2="0"><subfield code="a">Hver 14. dag</subfield></datafield><datafield tag="539" ind1="0" ind2="0"><subfield code="a">16, 75. årgang (27. august 1992)</subfield></datafield><datafield tag="652" ind1="0" ind2="0"><subfield code="m">37.3905</subfield></datafield><datafield tag="710" ind1="0" ind2="0"><subfield code="0"></subfield><subfield code="a">Gymnasieskolernes Lærerforening</subfield></datafield><datafield tag="910" ind1="0" ind2="0"><subfield code="0"></subfield><subfield code="a">GL</subfield><subfield code="x">se</subfield><subfield code="w">Gymnasieskolernes Lærerforening</subfield><subfield code="z">710</subfield></datafield></record></collection>
</ting:container>
